<record><leader>00000cas a22000007a 4500</leader><controlfield tag="001">9980111</controlfield><controlfield tag="008">831004d18541856nyuwr ne      0    0eng d</controlfield><datafield ind1=" " ind2=" " tag="010"><subfield code="a">sn 83031804 </subfield></datafield><datafield ind1=" " ind2=" " tag="040"><subfield code="a">NPU</subfield><subfield code="b">eng</subfield><subfield code="c">NPU</subfield><subfield code="d">NPX</subfield><subfield code="d">OCLCQ</subfield></datafield><datafield ind1=" " ind2=" " tag="042"><subfield code="a">msc</subfield></datafield><datafield ind1="0" ind2="0" tag="245"><subfield code="a">Troy weekly traveler.</subfield></datafield><datafield ind1=" " ind2=" " tag="260"><subfield code="a">Troy, N.Y. :</subfield><subfield code="b">Fisk &amp; Avery</subfield></datafield><datafield ind1=" " ind2=" " tag="300"><subfield code="a">v. ;</subfield><subfield code="c">58 cm.</subfield></datafield><datafield ind1=" " ind2=" " tag="310"><subfield code="a">Weekly</subfield></datafield><datafield ind1="1" ind2=" " tag="362"><subfield code="a">Began in 1854? Ceased in 1856?</subfield><subfield code="z">Cf. Gregory, W. Amer. newspapers.</subfield></datafield><datafield ind1=" " ind2=" " tag="588"><subfield code="a">Description based on: Vol. 6, no. 17 (Apr. 25, 1854).</subfield></datafield><datafield ind1=" " ind2=" " tag="752"><subfield code="a">United States</subfield><subfield code="b">New York</subfield><subfield code="c">Rensselaer</subfield><subfield code="d">Troy.</subfield></datafield><datafield ind1="0" ind2=" " tag="775"><subfield code="t">Troy daily traveler</subfield></datafield></record>